<record><leader>00000cas a22000007a 4500</leader><controlfield tag="001">11416622</controlfield><controlfield tag="008">841123d194919uuwiuwr ne      0    0eng d</controlfield><controlfield tag="009">3770</controlfield><datafield ind1=" " ind2=" " tag="010"><subfield code="a">sn 84025591 </subfield></datafield><datafield ind1=" " ind2=" " tag="040"><subfield code="a">NPV</subfield><subfield code="b">eng</subfield><subfield code="c">NPV</subfield><subfield code="d">OCL</subfield></datafield><datafield ind1=" " ind2=" " tag="042"><subfield code="a">msc</subfield></datafield><datafield ind1=" " ind2=" " tag="043"><subfield code="a">n-us-wi</subfield></datafield><datafield ind1=" " ind2=" " tag="045"><subfield code="a">x4xu</subfield></datafield><datafield ind1=" " ind2=" " tag="052"><subfield code="a">4123</subfield><subfield code="b">F6</subfield></datafield><datafield ind1="0" ind2=" " tag="130"><subfield code="a">Fond du Lac times (Fond du Lac, Wis. : 1949)</subfield></datafield><datafield ind1="0" ind2="0" tag="245"><subfield code="a">Fond du Lac times.</subfield></datafield><datafield ind1=" " ind2=" " tag="260"><subfield code="a">Fond du Lac, Wis. :</subfield><subfield code="b">J.T. Hart,</subfield><subfield code="c">1949-</subfield></datafield><datafield ind1=" " ind2=" " tag="300"><subfield code="a">v. :</subfield><subfield code="b">ill.</subfield></datafield><datafield ind1=" " ind2=" " tag="310"><subfield code="a">Weekly</subfield></datafield><datafield ind1="0" ind2=" " tag="362"><subfield code="a">Vol. 1, no. 21 (May 26, 1949)-</subfield></datafield><datafield ind1=" " ind2=" " tag="500"><subfield code="a">Publisher varies.</subfield></datafield><datafield ind1=" " ind2=" " tag="530"><subfield code="a">Available on microfilm from the State Historical Society of Wisconsin.</subfield></datafield><datafield ind1=" " ind2=" " tag="500"><subfield code="a">Editor: E.W. Rogers, Oct. 6-&lt;Dec. 8, 1949&gt;.--A.O. Omholt, Jr., &lt;Mar. 2-Mar. 25, 1950&gt;.--S. Gores, Nov. 16, 1950-May 31, 1951.--A.A. Anderson, June 7, 1951-&lt;Dec. 4, 1952&gt;.--J.A. Vitercik, &lt;Jan. 8&gt;-July 23, 1953.--A.A. Anderson, July 31, 1953-</subfield></datafield><datafield ind1="1" ind2=" " tag="700"><subfield code="a">Hart, James T.</subfield></datafield><datafield ind1="1" ind2=" " tag="700"><subfield code="a">Rogers, Edwin W.</subfield></datafield><datafield ind1="1" ind2=" " tag="700"><subfield code="a">Omholt, Arthur O.</subfield></datafield><datafield ind1="1" ind2=" " tag="700"><subfield code="a">Gores, Stan.</subfield></datafield><datafield ind1="1" ind2=" " tag="700"><subfield code="a">Anderson, Alan A.</subfield></datafield><datafield ind1="1" ind2=" " tag="700"><subfield code="a">Vitercik, John.</subfield></datafield><datafield ind1=" " ind2=" " tag="752"><subfield code="a">United States</subfield><subfield code="b">Wisconsin</subfield><subfield code="c">Fond du Lac</subfield><subfield code="d">Fond du Lac.</subfield></datafield><datafield ind1="0" ind2="0" tag="780"><subfield code="t">Fond du Lac times, rural farmer advertiser</subfield><subfield code="w">(DLC)sn 84025590</subfield></datafield></record>